% Compact presentation of references
@IEEEtranBSTCTL{IEEEexample:BSTcontrol,
  CTLuse_forced_etal = "yes",
  CTLmax_names_forced_etal = "2",
  CTLnames_show_etal = "1",
  CTLname_url_prefix = "Online:"
}
